@book{SHnaier,
    author = {Брюс Шнайер},
    title = {Прикладная криптография.Протоколы, алгоритмы и исходные коды на языке С},
    publisher = {2-е издание},
}

@book{Handbook,
    author = {Alfred Menezes and Scott Vanstone and Paul C van Oorschot},
    title = {Handbook of Applied Cryptography},
}

@article{atack,
    author = {Helena Handschuh and Henri Gilbert},
    title = {Cryptanalysis of the SEAL Encryption Algorithm},
    journal = {Lecture Notes in Computer Science},
    volume = {1267},
    year = {1997}, 
    pages = {1--22},
}

@article{RC4,
    author = {Poonam Jindal and Brahmjit Singh},
    title = {RC4 Encryption-A Literature Survey},
    journal = {Procedia Computer Science},
    volume = {46},
    year = {2015}, 
    pages = {697-705},
}

@article{A5,
    author = {Poonam Jindal and Brahmjit Singh},
    title = {Cryptanalysis of the A5/1 GSM Stream Cipher},
    journal = {INDOCRYPT 2000},
    pages = {43–51},
}

@article{Mugi,
    author = {Matt Henricksen and Ed Dawson },
    title = {Rekeying Issues in the MUGI Stream Cipher},
    journal = {SAC 2005},
    pages = {175–188},
}

@article{lili,
    author = {A. Clark and Ed Dawson and J. Fuller and J. Golic and H -J. Lee and William Millan and S -J. Moon and L. Simpson },
    title = {Rekeying Issues in the MUGI Stream Cipher},
    journal = {ACISP 2002},
    pages = {25-39},
}

@article{snow,
    author = {G. Cotrina, A. Peinado and A. Ortiz},
    title = {Efficient Implementation of Stream Cipher SNOW 3G for Resource-Constrained Devices},
    journal = {CISIS 2022},
    pages = {95-103},
}
